@book{book:1,
AUTHOR={Alexandru Colesnicov,Ludmila Malahova},
TITLE={Latex prin exemple},
PUBLISHER={},
YEAR={2001},
}

@book{book:2,
   title ={Introducere  Ã®n algoritmi},
   author = {Thomas H. Cormen, Charles E. Leiserson, Ronald R. Rivest},
   year =      {2000},
  }
